#####################################################################
# DVFS and Resource Allocation
#####################################################################

@inproceedings{rtdvfs-systor12,
  author = {Sonal Saha and Binoy Ravindran},
  title = {{An Experimental Evaluation of Real-Time DVFS Scheduling Algorithms}},
  booktitle = {Proceedings of the 5th International Systems and Storage Conference},
  year = {2012}
}

@inproceedings{zhu-hpca13,
  author = {Yuhao Zhu and Vijay Janapa Reddi},
  title = {{High-performance and Energy-efficient Mobile Web Browsing on Big/Little Systems}},
  booktitle = {Proceedings of the 19th International Symposium on High-Performance Computer Architecture},
  year = {2013}
}

@inproceedings{pacora-hotpar11,
  author = {Sarah L. Bird and Burton J. Smith},
  title = {{PACORA: Performance-Aware Convex Optimization for Resource Allocation}},
  booktitle = {3rd USENIX Workshop on Hot Topics in Parallelism (HotPar)},
  year = {2011}
}

@inproceedings{gu-dac08,
  author={Yan Gu and Samarjit Chakraborty},
  title={{Control Theory-based DVS for Interactive 3D Games}},
  booktitle={Proceedings of the 45th Design Automation Conference},
  year={2008},
}

@inproceedings{nachiappan-hpca15,
  author = {Nachiappan Chidambaram Nachiappan and Praveen Yedlapalli and Niranjan Soundararajan and Anand Sivasubramaniam and Mahmut T. Kandemir and Ravi Iyer and Chita R. Das},
  title = {{Domain Knowledge Based Energy Management in Handhelds}},
  booktitle = {Proceedings of the 21st Symposium on High Performance Computer Architecture},
  year = {2015}
}

@inproceedings{pegasus-isca14,
  author = {Lo, David and Cheng, Liqun and Govindaraju, Rama and Barroso, Luiz Andr{\'e} and Kozyrakis, Christos},
  title = {{Towards Energy Proportionality for Large-scale Latency-critical Workloads}},
  booktitle = {Proceeding of the 41st International Symposium on Computer Architecuture},
  year = {2014},
} 

@inproceedings{adrenaline-hpca15,
  author = {Chang-Hong Hsu and Yunqi Zhang and Michael A. Laurenzano and David Meisner and Thomas Wenisch and Jason Mars and Lingjia Tang and Ronald G. Dreslinski},
  title = {{Adrenaline: Pinpointing and Reining in Tail Queries with Quick Voltage Boosting}},
  booktitle = {Proceedings of the 21st Symposium on High Performance Computer Architecture},
  year = {2015}
}

@inproceedings{eqos-hpca15,
  author = {Yuhao Zhu and Matthew Halpern and Vijay Janapa Reddi},
  title = {{Event-Based Scheduling for Energy-Efficient QoS (eQoS) in Mobile Web Applications}},
  booktitle = {Proceedings of the 21st Symposium on High Performance Computer Architecture},
  year = {2015}
}

@inproceedings{packandcap-micro44,
  author = {Cochran, Ryan and Hankendi, Can and Coskun, Ayse K. and Reda, Sherief},
  title = {{Pack \& Cap: Adaptive DVFS and Thread Packing Under Power Caps}},
  booktitle = {Proceedings of the 44th International Symposium on Microarchitecture},
  year = {2011},
} 

@inproceedings{fgsync-micro14,
  author = {Godycki, Waclaw and Torng, Christopher and Bukreyev, Ivan and Apsel, Alyssa and Batten, Christopher},
  title = {{Enabling Realistic Fine-Grain Voltage Scaling with Reconfigurable Power Distribution Networks}},
  booktitle = {Proceedings of the 47th International Symposium on Microarchitecture},
  year = {2014},
} 

@inproceedings{shortstop-vlsic13,
  author={Nathaniel Pinckney and Matthew Fojtik and Bharan Giridhar and Dennis Sylvester and David Blaauw},
  booktitle = {Proceedings of the 2013 Symposium on VLSI Circuits},
  title={{Shortstop: An On-Chip Fast Supply Boosting Technique}},
  year={2013},
}

@inproceedings{booster-hpca12,
  author = {Timothy N. Miller and Xiang Pan and Renji Thomas and Naser Sedaghati and Radu Teodorescu},
  booktitle = {Proceedings of the 18th International Symposium on High Performance Computer Architecture},
  title={{Booster: Reactive Core Acceleration for Mitigating the Effects of Process Variation and Application Imbalance in Low-Voltage Chips}},
  year={2012},
}

@misc{linux_governors,
  author = {Dominik Brodowski},
  title = {{CPU Frequency and Voltage Scaling Code in the Linux\texttrademark Kernel}},
  howpublished = {\url{https://android.googlesource.com/kernel/common/+/a7827a2a60218b25f222b54f77ed38f57aebe08b/Documentation/cpu-freq/governors.txt}},
}

@inproceedings{choi-iccad02,
  author={Kihwan Choi and Dantu, K. and Wei-Chung Cheng and Pedram, M.},
  booktitle = {Proceedings of the IEEE/ACM International Conference on Computer Aided Design},
  title={{Frame-Based Dynamic Voltage and Frequency Scaling for a MPEG Decoder}},
  year={2002},
}

@inproceedings{gu-rtas08,
  author={Yan Gu and Samarjit Chakraborty},
  title={{A Hybrid DVS Scheme for Interactive 3D Games}},
  booktitle = {Proceedings of the 14th Real-Time and Embedded Technology and Applications Symposium},
  year={2008},
}

@inproceedings{xie-pldi03,
  author = {Xie, Fen and Martonosi, Margaret and Malik, Sharad},
  title = {{Compile-time Dynamic Voltage Scaling Settings: Opportunities and Limits}},
  booktitle = {Proceedings of the ACM SIGPLAN Conference on Programming Language Design and Implementation},
  year = {2003},
} 

@inproceedings{wu-micro05,
  author = {Qiang Wu and V. J. Reddi and Youfeng Wu and Jin Lee and Dan Connors and David Brooks and Margaret Martonosi and Douglas W. Clark},
  title = {{A Dynamic Compilation Framework for Controlling Microprocessor Energy and Performance}},
  booktitle = {Proceedings of the 38th International Symposium on Microarchitecture},
  year = {2005},
}

#####################################################################
# Heterogeneous Systems
#####################################################################

@inproceedings{octopusman-hpca15,
  author = {Vinicius Petrucci and Michael A. Laurenzano and John Doherty and Yunqi Zhang and Daniel Moss\'{e} and Jason Mars and Lingjia Tang},
  title = {{Octopus-Man: QoS-Driven Task Management for Heterogeneous Multicores in Warehouse-Scale Computers}},
  booktitle = {Proceedings of the 21st Symposium on High Performance Computer Architecture},
  year = {2015}
}

@inproceedings{paragon-asplos13,
  author = {Delimitrou, Christina and Kozyrakis, Christos},
  title = {{Paragon: QoS-aware Scheduling for Heterogeneous Datacenters}},
  booktitle = {Proceedings of the 8th International Conference on Architectural Support for Programming Languages and Operating Systems},
  year = {2013},
} 

@inproceedings{pie-isca12,
  author = {Van Craeynest, Kenzo and Jaleel, Aamer and Eeckhout, Lieven and Narvaez, Paolo and Emer, Joel},
  title = {{Scheduling Heterogeneous Multi-cores Through Performance Impact Estimation (PIE)}},
  booktitle = {Proceedings of the 39th International Symposium on Computer Architecture},
  year = {2012},
} 

@inproceedings{chen-dac09,
  author = {Chen, Jian and John, Lizy K.},
  title = {Efficient Program Scheduling for Heterogeneous Multi-core Processors},
  booktitle = {Proceedings of the 46th Design Automation Conference},
  year = {2009},
} 

@article{heteroscouts-sigmetrics11,
  author = {Srinivasan, Sadagopan and Iyer, Ravishankar and Zhao, Li and Illikkal, Ramesh},
  title = {{HeteroScouts: Hardware Assist for OS Scheduling in Heterogeneous CMPs}},
  journal = {SIGMETRICS Performance Evaluation Review},
  year = {2011},
} 

@inproceedings{cong-islped12,
  author = {Jason Cong and Bo Yuan},
  title = {{Energy-Efficient Scheduling on Heterogeneous Multi-Core Architectures}},
  booktitle = {International Symposium on Low Power Electronics and Design (ISLPED)},
  year = {2012}
}

@inproceedings{kumar-micro03,
  author = {Rakesh Kumar and Keith I. Farkas and Norman P. Jouppi and Parthasarathy Ranganathan and Dean M. Tullsen},
  title = {{Single-ISA Heterogeneous Multi-Core Architectures: The Potential for Processor Power Reduction}},
  booktitle = {International Symposium on Microarchitecture (MICRO)},
  year = {2003}
}

@article{guimbretiere-tecs11,
  author = {Fran\c{c}ois Guimbreti\`{e}re and Shenwei Liu and Han Wang and Rajit Manohar},
  title = {{An Asymmetric Dual-Processor Architecture for Lower Power Information Appliances}},
  journal = {ACM Transactions on Embedded Computing Systems},
  year = {2014}
}

@inproceedings{quasar-asplos14,
  author = {Delimitrou, Christina and Kozyrakis, Christos},
  title = {{Quasar: Resource-efficient and QoS-aware Cluster Management}},
  booktitle = {Proceedings of the 19th International Conference on Architectural Support for Programming Languages and Operating Systems},
  year = {2014},
}

@techreport{cho-12,
  author = {Hyun-Duk Cho and Kisuk Chung and Taehoon Kim},
  title = {{Benefits of the big.LITTLE Architecture}},
  institution = {Samsung Electronics Co., Ltd.},
  year = {2012},
}

#####################################################################
# Execution Time Prediction (and Applications)
#####################################################################

@inproceedings{atlas-rtas13,
  author = {Michael Roitzsch and Stefan W\"{a}chtler and Hermann H\"{a}rtig},
  title = {{ATLAS: Look-Ahead Scheduling Using Workload Metrics}},
  booktitle = {Proceedings of the 19th Real-Time and Embedded Technology and Applications Symposium},
  year = {2013}
}

@inproceedings{padmanabha-micro13,
  author = {Shruti Padmanabha and Andrew Lukefahr and Reetuparna Das and Scott Mahlke},
  title = {{Trace Based Phase Prediction For Tightly-Coupled Heterogeneous Cores}},
  booktitle = {International Symposium on Microarchitecture},
  year = {2013}
}

@inproceedings{mantis-atc13,
  author = {Kwon, Yongin and Lee, Sangmin and Yi, Hayoon and Kwon, Donghyun and Yang, Seungjun and Chun, Byung-Gon and Huang, Ling and Maniatis, Petros and Naik, Mayur and Paek, Yunheung},
  title = {{Mantis: Automatic Performance Prediction for Smartphone Applications}},
  booktitle = {Proceedings of the 2013 USENIX Conference on Annual Technical Conference},
  year = {2013},
} 

@article{lasso-jrss96,
  title = {{Regression Shrinkage and Selection via the Lasso}},
  author = {Tibshirani, Robert},
  journal = {Journal of the Royal Statistical Society. Series B (Methodological)},
  year = {1996},
}

#####################################################################
# Human Response Time
#####################################################################

@inproceedings{endo-osdi96,
  author = {Endo, Yasuhiro and Wang, Zheng and Chen, J. Bradley and Seltzer, Margo},
  title = {{Using Latency to Evaluate Interactive System Performance}},
  booktitle = {Proceedings of the 2nd USENIX Symposium on Operating Systems Design and Implementation},
  year = {1996},
} 

@inproceedings{card-chi91,
  author = {Card, Stuart K. and Robertson, George G. and Mackinlay, Jock D.},
  title = {{The Information Visualizer, an Information Workspace}},
  booktitle = {Proceedings of the SIGCHI Conference on Human Factors in Computing Systems},
  year = {1991},
} 

@inproceedings{miller-afips68,
  author = {Miller, Robert B.},
  title = {{Response Time in Man-computer Conversational Transactions}},
  booktitle = {Proceedings of the 1968 Fall Joint Computer Conference, Part I},
  year = {1968},
} 

@article{lindgaard-bit06,
  title = {{Attention web designers: You have 50 milliseconds to make a good first impression!}},
  author = {Gitte Lindegaard and Gary Fernandes and Cathy Dudek and J. Brow{\~n}},
  journal = {Behavior \& Information Technology},
  volume = {25},
  number = {2},
  year = {2006},
}

