##################################
# Real-Time Systems
##################################

@article{rtossurvey-micro09,
  author={Tran Nguyen Bao Anh and Su-Lim Tan},
  journal={IEEE Micro},
  title={{Survey and Performance Evaluation of Real-Time Operating Systems (RTOS) for Small Microcontrollers}},
  year={2009},
}

@inproceedings{rtossurvey-icesc14,
  author={Prasanna Hambarde and Rachit Varma and Shivani Jha},
  booktitle={International Conference on Electronic Systems, Signal Processing and Computing Technologies},
  title={{The Survey of Real Time Operating System: RTOS}},
  year={2014},
}

@article{rtschedulingsurvey-csur11,
  author = {Davis, Robert I. and Burns, Alan},
  title = {{A Survey of Hard Real-time Scheduling for Multiprocessor Systems}},
  journal = {ACM Computing Surveys},
  year = {2011},
} 

##################################
# WCET
##################################

@inproceedings{li-ipet-dac95,
  author={Yau-Tsun Steven Li and Sharad Malik}, 
  booktitle={Proceedings of the 32nd Conference on Design Automation},
  title={{Performance Analysis of Embedded Software Using Implicit Path Enumeration}}, 
  year={1995}, 
}

@article{wcetsurvey-tecs08,
  author = {Wilhelm, Reinhard and Engblom, Jakob and Ermedahl, Andreas and Holsti, Niklas and Thesing, Stephan and Whalley, David and Bernat, Guillem and Ferdinand, Christian and Heckmann, Reinhold and Mitra, Tulika and Mueller, Frank and Puaut, Isabelle and Puschner, Peter and Staschulat, Jan and Stenstr\"{o}m, Per},
  title = {{The Worst-Case Execution-Time Problem -- Overview of Methods and Survey of Tools}},
  journal = {ACM Transactions on Embedded Computing Systems},
  year = {2008}
}

@article{chronos-tool,
  author = "Xianfeng Li and Yun Liang and Tulika Mitra and Abhik Roychoudury",
  title = "{Chronos: A Timing Analyzer for Embedded Software}",
  journal="Science of Computer Programming",
  year = "2007",
}

##################################
# Real-time architectures
##################################

@article{sha-simplex-sw01,
  author    = {Lui Sha},
  title     = {{Using Simplicity to Control Complexity}},
  journal   = {IEEE Software},
  year      = {2001},
}

#################################
# Linear Programming
#################################

@inbook{sierksma-lp,
  author = {Sierksma, Gerard},
  title = {Linear and Integer Programming},
  publisher = {Marcel Dekker, Inc.},
  year = {2002},
  pages = {237-239},
}

@misc{lpsolve,
  author = {Michel Berkelaar and Kjell Eikland and Peter Notebaert},
  title = {{lp\_solve Version 5.5. \verb~http://lpsolve.sourceforge.net/5.5/~}},
}

@misc{cplex,
  key = {ibm},
  title = {{IBM ILOG CPLEX Optimizer. \tt{http://www-01.ibm.com/software/integration/optimization/cplex-optimizer/}}},
}

