
#####################################################################
# Monitoring
#####################################################################

@inproceedings{hardbound-asplos08,
 author = "Joe Devietti and Colin Blundell and Milo M. K. Martin and Steve Zdancewic",
 title = {{{Hardbound}: Architectural Support for Spatial Safety of the {C} Programming Language}},
 booktitle = "Conference on Architectural Support for Programming Languages and Operating Systems (ASPLOS)",
 year = "2008",
}

@misc{intel-mpx,
	key = {intel-mpx},
	title = {{Introduction to Intel Memory Protection Extensions. \verb~http://software.intel.com/en-us/articles/~ \verb~introduction-to-intel-memory-protection-extensions~}},
}

@inproceedings{dift-asplos04,
  author = "G. Edward Suh and Jaewook Lee and David X. Zhang and Srinivas Devadas",
  title = {{Secure Program Execution via Dynamic Information Flow Tracking}},
  booktitle = "Conference on Architectural Support for Programming Languages and Operating Systems (ASPLOS)",
  year = "2004",
}

@inproceedings{mondrian-asplos02,
  author = "Emmett Witchel and Josh Cates and Krste Asanovic",
  title = "{Mondrian Memory Protection}",
  booktitle = "Proceedings of the 10th International Conference on Architectural Support for Programming Languages and Operating Systems",
  year = "2002",
}

@inproceedings{argus-micro07,
  author = "Meixner, Albert and Bauer, Michael E. and Sorin, Daniel",
  title = {{{Argus}: Low-Cost, Comprehensive Error Detection in Simple Cores}},
  booktitle = "Proceedings of the 40th International Symposium on Microarchitecture",
  year = "2007"
}

@inproceedings{radish-isca12,
  author    = {Joseph Devietti and
  Benjamin P. Wood and
  Karin Strauss and
  Luis Ceze and
  Dan Grossman and
  Shaz Qadeer},
  title     = {{RADISH: Always-on Sound and Complete Race Detection in Software
  and Hardware}},
  booktitle = {International Symposium on Computer Architecture (ISCA)},
  year      = {2012},
}

@inproceedings{cord-hpca06,
  author={Milos Prvulovic},
  title={{CORD: Cost effective (and nearly overhead-free) Order Recording and Data race detection}},
  booktitle={High-Performance Computer Architecture},
  year={2006},
}

#####################################################################
# Cooperative Debugging
#####################################################################

@inproceedings{testudo-micro08,
  author={Greathouse, J.L. and Wagner, I. and Ramos, D.A. and Bhatnagar, G. and Austin, T. and Bertacco, V. and Pettie, S.},
  booktitle={International Symposium on Microarchitecture (MICRO)},
  title={{Testudo: Heavyweight Security Analysis via Statistical Sampling}},
  year={2008}, 
}

#####################################################################
# DVFS and Resource Allocation
#####################################################################

@inproceedings{rtdvfs-systor12,
  author = {Sonal Saha and Binoy Ravindran},
  title = {{An Experimental Evaluation of Real-Time DVFS Scheduling Algorithms}},
  booktitle = {International Systems and Storage Conference (SYSTOR)},
  year = {2012}
}

@inproceedings{zhu-hpca13,
  author = {Yuhao Zhu and Vijay Janapa Reddi},
  title = {{High-performance and Energy-efficient Mobile Web Browsing on Big/Little Systems}},
  booktitle = {International Symposium on High-Performance Computer Architecture (HPCA)},
  year = {2013}
}

@inproceedings{pacora-hotpar11,
  author = {Sarah L. Bird and Burton J. Smith},
  title = {{PACORA: Performance-Aware Convex Optimization for Resource Allocation}},
  booktitle = {3rd USENIX Workshop on Hot Topics in Parallelism (HotPar)},
  year = {2011}
}

#####################################################################
# Execution Time Prediction (and Applications)
#####################################################################

@inproceedings{atlas-rtas13,
  author = {Michael Roitzsch and Stefan W\"{a}chtler and Hermann H\"{a}rtig},
  title = {{ATLAS: Look-Ahead Scheduling Using Workload Metrics}},
  booktitle = {19th IEEE Real-Time and Embedded Technology and Applications Symposium (RTAS)},
  year = {2013}
}

@inproceedings{padmanabha-micro13,
  author = {Shruti Padmanabha and Andrew Lukefahr and Reetuparna Das and Scott Mahlke},
  title = {{Trace Based Phase Prediction For Tightly-Coupled Heterogeneous Cores}},
  booktitle = {International Symposium on Microarchitecture},
  year = {2013}
}

